@article{amano1998exchange,
  title={Exchange rates and oil prices},
  author={Amano, Robert A and Van Norden, Simon},
  journal={Review of International Economics},
  volume={6},
  number={4},
  pages={683--694},
  year={1998},
  note={Wiley Online Library}
}
@article{hamilton1983oil,
  title={Oil and the macroeconomy since World War \text{II}},
  author={Hamilton, James D},
  journal={The Journal of Political Economy},
  pages={228--248},
  year={1983},
  note={JSTOR}
}
@article{backus2000oil,
  title={Oil prices and the terms of trade},
  author={Backus, David K and Crucini, Mario J},
  journal={Journal of international Economics},
  volume={50},
  number={1},
  pages={185--213},
  year={2000},
  note={Elsevier}
}
@article{sadorsky1999oil,
  title={Oil price shocks and stock market activity},
  author={Sadorsky, Perry},
  journal={Energy Economics},
  volume={21},
  number={5},
  pages={449--469},
  year={1999},
  note={Elsevier}
}
@article{kilian2009impact,
  title={The impact of oil price shocks on the us stock market*},
  author={Kilian, Lutz and Park, Cheolbeom},
  journal={International Economic Review},
  volume={50},
  number={4},
  pages={1267--1287},
  year={2009},
  note={Wiley Online Library}
}
@article{hamilton2005oil,
  title={Oil and the Macroeconomy},
  author={Hamilton, James D},
  journal={The New Palgrave Dictionary of Economics Palgrave Macmillan, London},
  pages={201--228},
  year={2005},
  note={Palgrave Dictionary of Economics}
}
@article{mork1989oil,
  title={Oil and the macroeconomy when prices go up and down: an extension of Hamilton's results},
  author={Mork, Knut Anton},
  journal={Journal of political Economy},
  pages={740--744},
  year={1989},
  note={JSTOR}
}
@article{barsky2004oil,
  title={Oil and the Macroeconomy since the 1970s},
  author={Barsky, Robert and Kilian, Lutz},
  year={2004},
  journal={Journal of economics perspectives},
  note={National Bureau of Economic Research}
}
@article{krugman1983oil,
  title={Oil shocks and exchange rate dynamics},
  author={Krugman, Paul R},
  booktitle={Exchange rates and international macroeconomics},
  pages={259--284},
  year={1983},
  journal={University of Chicago Press}
}
@article{krugman1980oil,
  title={Oil and the dollar},
  author={Krugman, Paul R},
  year={1980},
  journal={National Bureau of Economic Research Cambridge,},
  note={Massachusetts, USA}
}
@article{golub1983oil,
  title={Oil prices and exchange rates},
  author={Golub, Stephen S},
  journal={The Economic Journal},
  pages={576--593},
  year={1983},
  note={JSTOR}
}
@article{corden1984booming,
  title={Booming sector and Dutch disease economics: survey and consolidation},
  author={Corden, Warner Max},
  journal={oxford economic Papers},
  pages={359--380},
  year={1984},
  note={JSTOR}
}
@article{akram2004oil,
  title={Oil prices and exchange rates: Norwegian evidence},
  author={Akram, Q Farooq},
  journal={the econometrics Journal},
  volume={7},
  number={2},
  pages={476--504},
  year={2004},
  note={Wiley Online Library}
}
@article{NBa,
 author = {{Norges Bank}},
 title = {Trade weighted effective exchange rate index ({TWI}), Norwegian krone, retrieved from {Norges Bank Official Statistics - Exchange rates}},
 year={2016},
 journal={Norwegian Central Bank Official Statistics},
 Note = {\url{http://www.norges-bank.no/en/Statistics/exchange_rates/currency/TWI}. Norges Bank}
}
@article{meese1990currency,
  title={Currency fluctuations in the post-Bretton Woods era},
  author={Meese, Richard},
  journal={The Journal of Economic Perspectives},
  pages={117--134},
  year={1990},
  note={JSTOR}
}
@article{frenkel1995empirical,
  title={Empirical Research on nominal Exchange Rate},
  author={Frenkel, Jacob A and Rose, A},
  journal={Grossman y Rogoff Handbook of Internacional Economics},
  pages={1689--729},
  year={1995}
}
@article{meese1983empirical,
  title={Empirical exchange rate models of the seventies: Do they fit out of sample?},
  author={Meese, Richard A and Rogoff, Kenneth},
  journal={Journal of international economics},
  volume={14},
  number={1},
  pages={3--24},
  year={1983},
  note={Elsevier}
}
@article{diebold1990nonparametric,
  title={Nonparametric exchange rate prediction?},
  author={Diebold, Francis X and Nason, James A},
  journal={Journal of international Economics},
  volume={28},
  number={3},
  pages={315--332},
  year={1990},
  note={Elsevier}
}
@article{meese1990nonlinear,
  title={Nonlinear, nonparametric, nonessential exchange rate estimation},
  author={Meese, Richard A and Rose, Andrew K},
  journal={The American Economic Review},
  pages={192--196},
  year={1990},
  note={JSTOR}
}
@article{meese1991empirical,
  title={An empirical assessment of non-linearities in models of exchange rate determination},
  author={Meese, Richard A and Rose, Andrew K},
  journal={The Review of Economic Studies},
  volume={58},
  number={3},
  pages={603--619},
  year={1991},
  note={Oxford University Press}
}
@article{akram2000does,
  title={When does the oil price affect the Norwegian exchange rate?},
  author={Akram, Qaisar Farooq},
  year={2000},
  journal={University of Oxford},
  note={Norges Bank}
}
@article{bilson1978monetary,
  title={The Monetary Approach to the Exchange Rate: Some Empirical Evidence (La th{\'e}orie mon{\'e}taire du taux de change: preuves empiriques)(El enfoque monetario del tipo de cambio: Algunas pruebas emp{\'\i}ricas)},
  author={Bilson, John FO},
  journal={Staff Papers-International Monetary Fund},
  pages={48--75},
  year={1978},
  note={JSTOR}
}
@article{hicks1967monetary,
  title={Monetary theory and history—an attempt at perspective},
  author={Hicks, John R and others},
  journal={Critical Essays in monetary theory},
  volume={164},
  year={1967},
  note={Clarendon Press Oxford}
}
@article{frenkel1976monetary,
  title={A monetary approach to the exchange rate: doctrinal aspects and empirical evidence},
  author={Frenkel, Jacob A},
  journal={the scandinavian Journal of economics},
  pages={200--224},
  year={1976},
  publisher={JSTOR}
}
@article{mussa1976exchange,
  title={The exchange rate, the balance of payments and monetary and fiscal policy under a regime of controlled floating},
  author={Mussa, Michael},
  journal={The Scandinavian Journal of Economics},
  pages={229--248},
  year={1976},
  note={JSTOR}
}
@article{Retief2015,
  title={Comparing Linear and Non-linear Benchmarks of Exchange Rate Forecasting},
  author={Retief, SJ and Pretorius, M and Botha, I},
  journal={$\Sigma$rsa - Economic Research Southern Africa},
  year={2015},
  note={Google Scholar}
}
@article{bachelier1900theory,
  title={Theory of speculation (\textit{'Th\'eorie de la Sp\'eculation'}). {E}nglish translation by {Boness, AJ} in: {Cootner, P}, ed., 1964, {T}he random character of stock market prices},
  author={Bachelier, L},
  journal={Annales Scientifiques de l'Ecole Normale Superieure 3},
  year={1900},
  note={MIT Press, Cambridge, Massachusetts}
}
@article{bissoondeeal2009monetary,
  title={Monetary models of exchange rates and sweep programs},
  author={Bissoondeeal, Rakesh K and Binner, Jane M and Elger, Thomas},
  journal={Applied financial economics},
  volume={19},
  number={14},
  pages={1117--1129},
  year={2009},
  note={Taylor \& Francis}
}
@article{alvarez2007if,
  title={If exchange rates are random walks, then almost everything we say about monetary policy is wrong},
  author={Alvarez, Fernando and Atkeson, Andrew and Kehoe, Patrick J},
  journal={The American economic review},
  pages={339--345},
  year={2007},
  note={JSTOR}
}
@article{wu2001real,
  title={Real Exchange-Rate Prediction over Short Horizons},
  author={Wu, Jyh-Lin and Chen, Show-Lin},
  journal={Review of International Economics},
  volume={9},
  number={3},
  pages={401--413},
  year={2001},
  note={Wiley Online Library}
}
@article{bjornland2006importance,
  title={The importance of interest rates for forecasting the exchange rate},
  author={Bj{\o}rnland, Hilde C and Hungnes, H{\aa}vard},
  journal={Journal of forecasting},
  volume={25},
  number={3},
  pages={209--221},
  year={2006},
  note={Wiley Online Library}
}
@article{engel1994can,
  title={Can the Markov Switching Model forecast exchange rates?},
  author={Engel, Charles},
  journal={Journal of International Economics},
  volume={36},
  number={1},
  pages={151--165},
  year={1994},
  note={Elsevier}
}
@article{isard1995exchange,
  title={Exchange rate economics},
  author={Isard, Peter},
  year={1995},
  journal={Cambridge University Press},
  note={JSTOR}
}
@article{evans2005meese,
  title={Meese-Rogoff Redux: Micro-based exchange rate forecasting},
  author={Evans, Martin DD and Lyons, Richard K},
  year={2005},
  journal={National Bureau of Economic Research},
  note={JSTOR}
}
@article{rossi2013exchange,
  title={Exchange rate predictability},
  author={Rossi, Barbara},
  year={2013},
  journal={CEPR Discussion Paper No. DP9575},
  note={JSTOR}
}
@article{cassel1918abnormal,
  title={Abnormal deviations in international exchanges},
  author={Cassel, Gustav},
  journal={The Economic Journal},
  volume={28},
  number={112},
  pages={413--415},
  year={1918},
  note={JSTOR}
}
@article{akram2000ppp,
  title={PPP despite real shocks: An empirical analysis of the Norwegian real exchange rate},
  author={Akram, Qaisar Farooq and others},
  year={2000},
  journal={University of Oxford, Department of Economics}
}
@article{rogoff2008continuing,
  title={The continuing puzzle of short horizon exchange rate forecasting},
  author={Rogoff, Kenneth S and Stavrakeva, Vania},
  year={2008},
  journal={National Bureau of Economic Research},
  note={JSTOR}
}
@article{sarno2002economics,
  title={The economics of exchange rates},
  author={Sarno, Lucio and Taylor, Mark P},
  year={2002},
  journal={Cambridge University Press},
  note={JSTOR}
}
@article{rogoff1996purchasing,
  title={The purchasing power parity puzzle},
  author={Rogoff, Kenneth},
  journal={Journal of Economic literature},
  volume={34},
  number={2},
  pages={647--668},
  year={1996},
  note={JSTOR}
}
@article{akram2006ppp,
  title={{PPP} in the medium run: {T}he case of {N}orway},
  author={Akram, Q Farooq},
  journal={Journal of Macroeconomics},
  volume={28},
  number={4},
  pages={700--719},
  year={2006},
  note={Elsevier}
}
@article{akram2002ppp,
  title={{PPP} in the medium run despite oil shocks: {T}he case of {N}orway},
  author={Akram, Qaisar Farooq},
  journal={Central Bank of Norway Working Paper},
  volume={4},
  year={2002},
  note={Norges Bank}
}
@article{nordbo2004ppp,
  title={Does the {PPP} hold for {N}orway},
  author={Nordbø, Einar Wøien},
  journal={Research department of the Norwegian Cental Bank},
  year={2004},
  note={Norges Bank}
}
@article{bjornland2002fundamental,
  title={Fundamental determinants of the long run real exchange rate: {T}he case of {N}orway},
  author={Bj{\o}rnland, Hilde C and Hungnes, H{\aa}vard},
  year={2002},
  journal={Memorandum, Department of Economics},
  note={University of Oslo}
}
@article{bjornland2005commodity,
  title={The commodity currency puzzle},
  author={Bj{\o}rnland, Hilde Christiane and Hungnes, H{\aa}vard},
  year={2005},
  journal={Statistics Norway, Research Department},
  note={SSB}
}
@article{papadamou2012monetary,
  title={The Monetary Approach to the Exchange Rate Determination for a “Petrocurrency”: The Case of Norwegian Krone},
  author={Papadamou, Stephanos and Markopoulos, Thomas},
  journal={International Advances in Economic Research},
  volume={18},
  number={3},
  pages={299--314},
  year={2012},
  note={Springer}
}
@article{alstad2010long,
  title={The long-run exchange rate for NOK: a BEER approach},
  author={Alstad, Geir Engesland},
  year={2010},
  journal={Norges Bank Working Paper 2010-19},
  note={Norges Bank}
}
@article{jore1998testing,
  title={Testing for purchasing power parity and interest rate parities on Norwegian data},
  author={Jore, Anne Sofie and Skjerpen, Terje and Swensen, Anders Rygh},
  year={1998},
  journal={Discussion paper},
  note={Statistics Norway}
}
@article{bjornstad2005commodity,
  title={The NOK/euro exhange rate after inflation targeting:The interest rate rules},
  author={Bj{\o}rnstad, Roger and Jansen, Eilev S},
  year={2007},
  journal={Statistics Norway, Research Department},
  note={SSB}
}
@article{fisher1896appreciation,
  title={Appreciation and Interest: A Study of the Influence of Monetary Appreciation and Depreciation on the Rate of Interest with Applications to the Bimetallic Controversy and the Theory of Interest},
  author={Fisher, Irving},
  volume={11},
  number={4},
  year={1896},
  journal={American economic association}
}
@article{dimand1999irving,
  title={Irving Fisher and the Fisher relation: setting the record straight},
  author={Dimand, Robert W},
  journal={The Canadian Journal of Economics/Revue Canadienne d'Economique},
  volume={32},
  number={3},
  pages={744--750},
  year={1999},
  note={JSTOR}
}
@article{keynes1923tract,
  title={A Tract on Monetary Reform, by John Maynard Keynes,...},
  author={Keynes, John Maynard},
  year={1923},
  journal={Macmillan},
  note={JSTOR}
}
@article{meese1988real,
  title={Was It Real? The Exchange Rate-Interest Differential Relation over the Modern Floating-Rate Period},
  author={Meese, Richard and Rogoff, Kenneth},
  journal={the Journal of Finance},
  volume={43},
  number={4},
  pages={933--948},
  year={1988},
  note={Wiley Online Library}
}
@article{alquist2008conventional,
  title={Conventional and unconventional approaches to exchange rate modelling and assessment},
  author={Alquist, Ron and Chinn, Menzie D},
  journal={International Journal of Finance \& Economics},
  volume={13},
  number={1},
  pages={2--13},
  year={2008},
  note={Wiley Online Library}
}
@article{Norgesbank1,
  title={Norges Bank’s new monetary policy loss function – further discussion},
  author={Evjen, Snorre and Kloster, Thea B},
  journal={Staff Memo},
  year={2012},
  note={Norges Bank}
}
@article{edison1987quantitative,
  title={A quantitative reassessment of the purchasing power parity hypothesis: Evidence from Norway and the United Kingdom},
  author={Edison, Hali J and Klovland, Jan Tore},
  journal={Journal of Applied Econometrics},
  volume={2},
  number={4},
  pages={309--333},
  year={1987},
  note={Wiley Online Library}
}
@article{skinner2011covered,
  title={Covered interest rate parity in emerging markets},
  author={Skinner, Frank S and Mason, Andrew},
  journal={International Review of Financial Analysis},
  volume={20},
  number={5},
  pages={355--363},
  year={2011},
  note={Elsevier}
}
@article{flood2001uncovered,
  title={Uncovered interest parity in crisis: The interest rate defence in the 1990s},
  author={Flood, Robert P and Rose, Andrew K},
  year={2001},
  journal={CEPR discussion paper},
  note={JSTOR}
}
@article{chinn2006partial,
  title={The (partial) rehabilitation of interest rate parity in the floating rate era: Longer horizons, alternative expectations, and emerging markets},
  author={Chinn, Menzie D},
  journal={Journal of International Money and Finance},
  volume={25},
  number={1},
  pages={7--21},
  year={2006},
  note={Elsevier}
}
@article{blinder1994sticky,
  title={On sticky prices: academic theories meet the real world},
  author={Blinder, Alan S},
  booktitle={Monetary policy},
  pages={117--154},
  year={1994},
  journal={The University of Chicago Press}
}
@article{dornbusch1976expectations,
  title={Expectations and exchange rate dynamics},
  author={Dornbusch, Rudiger},
  journal={The journal of political economy},
  pages={1161--1176},
  year={1976},
  note={JSTOR}
}
@article{meese1983out,
  title={The out-of-sample failure of empirical exchange rate models: sampling error or misspecification?},
  author={Meese, Richard and Rogoff, Kenneth},
  booktitle={Exchange rates and international macroeconomics},
  pages={67--112},
  year={1983},
  journal={University of Chicago Press}
}
@book{wooldridge2015introductory,
  title={Introductory econometrics: A modern approach},
  author={Wooldridge, Jeffrey},
  year={2015},
  note={Nelson Education}
}
@article{chinn1995banking,
  title={Banking on currency forecasts: How predictable is change in money?},
  author={Chinn, Menzie D and Meese, Richard A},
  journal={Journal of International Economics},
  volume={38},
  number={1},
  pages={161--178},
  year={1995},
  note={Elsevier}
}
@article{cheung2005empirical,
  title={Empirical exchange rate models of the nineties: Are any fit to survive?},
  author={Cheung, Yin-Wong and Chinn, Menzie D and Pascual, Antonio Garcia},
  journal={Journal of international money and finance},
  volume={24},
  number={7},
  pages={1150--1175},
  year={2005},
  note={Elsevier}
}
@article{molodtsova2009out,
  title={Out-of-sample exchange rate predictability with Taylor rule fundamentals},
  author={Molodtsova, Tanya and Papell, David H},
  journal={Journal of International Economics},
  volume={77},
  number={2},
  pages={167--180},
  year={2009},
  note={Elsevier}
}
@article{chin2007monetary,
  title={The monetary model of exchange rate: evidence from the Philippines},
  author={Chin, Lee and Azali, Mohamed and Yusop, Zulkornain B and Yusoff, Mohammed B},
  journal={Applied Economics Letters},
  volume={14},
  number={13},
  pages={993--997},
  year={2007},
  note={Taylor \& Francis}
}
@article{chin2007monetaryb,
  title={The monetary approach to exchange rate determination for Malaysia},
  author={Chin, Lee and Azali, M and Matthews, KG},
  journal={Applied Financial Economics Letters},
  volume={3},
  number={2},
  pages={91--94},
  year={2007},
  note={Taylor \& Francis}
}
@article{tawadros2008structural,
  title={A structural time series test of the monetary model of exchange rates under four big inflations},
  author={Tawadros, George B},
  journal={Economic Modelling},
  volume={25},
  number={6},
  pages={1216--1224},
  year={2008},
  note={Elsevier}
}
@article{loria2010new,
  title={New evidence on the monetary approach of exchange rate determination in Mexico 1994--2007: a cointegrated SVAR model},
  author={Lor{\'\i}a, Eduardo and S{\'a}nchez, Armando and Salgado, Uberto},
  journal={Journal of International Money and Finance},
  volume={29},
  number={3},
  pages={540--554},
  year={2010},
  note={Elsevier}
}
@article{chen2003commodity,
  title={Commodity currencies},
  author={Chen, Yu-chin and Rogoff, Kenneth},
  journal={Journal of international Economics},
  volume={60},
  number={1},
  pages={133--160},
  year={2003},
  note={Elsevier}
}
@article{SSB1,
  title={External trade in goods, January 2016, preliminary figures},
  author={SSB},
  journal={External economy},
  year={2016},
  note={\url{http://www.ssb.no/en/utenriksokonomi/statistikker/muh/maaned/2016-02-15}. Statistisk sentralbyrå}
}
@article{papadimitriou2014forecasting,
  title={Forecasting the NOK/USD Exchange Rate with Machine Learning Techniques},
  author={Papadimitriou, Theophilos and Gogas, Periklis and Plakandaras, Vasilios},
  journal={USD Exchange Rate with Machine Learning Techniques (January 29, 2014)},
  year={2014},
  note={Google Scholar}
}
@article{chen2010predicting,
  title={Predicting agri-commodity prices: An asset pricing approach},
  author={Chen, Yu-chin and Rogoff, Kenneth and Rossi, Barbara},
  journal={Available at SSRN 1616853},
  year={2010}
}
@article{reinton1999out,
  title={Out-of-sample forecasting performance of single equation monetary exchange rate models in Norwegian currency markets},
  author={Reinton, Harald and Ongena, Steven},
  journal={Applied Financial Economics},
  volume={9},
  number={6},
  pages={545--550},
  year={1999},
  note={Taylor \& Francis}
}
@article{engel2007exchange,
  title={Exchange rate models are not as bad as you think},
  author={Engel, Charles and Mark, Nelson C and West, Kenneth D},
  year={2007},
  journal={National Bureau of Economic Research},
  note={JSTOR}
}
@article{bjornland2013,
  title={RINGVIRKNINGER Norsk økonomi og olje},
  author={Bj{\o}rnland, Hilde Christiane and Thorsrud, Leif Anders},
  journal={Centre for Monetary Economics},
  year={2013},
  note={Working Paper Series 7/13,  BI Norwegian Business School}
}
@article{bjornland2008monetary,
  title={Monetary policy and exchange rate interactions in a small open economy},
  author={Bj{\o}rnland, Hilde C},
  journal={The Scandinavian Journal of Economics},
  volume={110},
  number={1},
  pages={197--221},
  year={2008},
  note={Wiley Online Library}
}
@article{balassa1964purchasing,
  title={The purchasing-power parity doctrine: a reappraisal},
  author={Balassa, Bela},
  journal={The Journal of Political Economy},
  pages={584--596},
  year={1964},
  note={JSTOR}
}
@article{samuelson1964theoretical,
  title={Theoretical notes on trade problems},
  author={Samuelson, Paul A},
  journal={The Review of Economics and Statistics},
  pages={145--154},
  year={1964},
  note={JSTOR}
}
@article{hooper1982fluctuations,
title = {Fluctuations in the dollar: A model of nominal and real exchange rate determination},
author = {Hooper, Peter and Morton, John},
year = {1982},
journal = {Journal of International Money and Finance},
volume = {1},
number = {1},
pages = {39-56},
note = {\url{http://EconPapers.repec.org/RePEc:eee:jimfin:v:1:y:1982:i::p:39-56}}
}
@article{schwert2002tests,
  title={Tests for unit roots: A Monte Carlo investigation},
  author={Schwert, G William},
  journal={Journal of Business \& Economic Statistics},
  volume={20},
  number={1},
  pages={5--17},
  year={1989},
  note={Taylor \& Francis}
}
@article{dickey1979distribution,
  title={Distribution of the estimators for autoregressive time series with a unit root},
  author={Dickey, David A and Fuller, Wayne A},
  journal={Journal of the American statistical association},
  volume={74},
  number={366a},
  pages={427--431},
  year={1979},
  note={Taylor \& Francis}
}
@article{engle1987co,
  title={Co-integration and error correction: representation, estimation, and testing},
  author={Engle, Robert F and Granger, Clive WJ},
  journal={Econometrica: journal of the Econometric Society},
  pages={251--276},
  year={1987},
  note={JSTOR}
}
@article{johansen1991estimation,
  title={Estimation and hypothesis testing of cointegration vectors in Gaussian vector autoregressive models},
  author={Johansen, S{\o}ren},
  journal={Econometrica: Journal of the Econometric Society},
  pages={1551--1580},
  year={1991},
  note={JSTOR}
}
@article{gonzalo1998pitfalls,
  title={Pitfalls in testing for long run relationships},
  author={Gonzalo, Jesus and Lee, Tae-Hwy},
  journal={Journal of Econometrics},
  volume={86},
  number={1},
  pages={129--154},
  year={1998},
  note={Elsevier}
}
@article{johansen2002small,
  title={A small sample correction for the test of cointegrating rank in the vector autoregressive model},
  author={Johansen, S{\o}ren},
  journal={Econometrica},
  volume={70},
  number={5},
  pages={1929--1961},
  year={2002},
  note={Wiley Online Library}
}
@article{silvapulle2000effect,
  title={The effect of non-normal disturbances and conditional heteroskedasticity on multiple cointegration tests},
  author={Silvapulle, Param Sothy and Podivinsky, Jan M},
  journal={Journal of Statistical Computation and Simulation},
  volume={65},
  number={1-4},
  pages={173--189},
  year={2000},
  note={Taylor \& Francis}
}
@article{hubrich2001review,
  title={A review of systems cointegration tests},
  author={Hubrich, Kirstin and L{\"u}tkepohl, Helmut and Saikkonen, Pentti},
  journal={Econometric Reviews},
  volume={20},
  number={3},
  pages={247--318},
  year={2001},
  note={Taylor \& Francis}
}
@article{cheung1993finite,
  title={Finite-sample sizes of Johansen's likelihood ratio tests for cointegration},
  author={Cheung, Yin-Wong and Lai, Kon S},
  journal={Oxford Bulletin of Economics and statistics},
  volume={55},
  number={3},
  pages={313--328},
  year={1993},
  note={Wiley Online Library}
}
@article{gonzalo2000robustness,
  title={On the robustness of cointegration tests when series are fractionally intergrated},
  author={Gonzalo, Jes{\'u}s and Lee, Tae-Hwy},
  journal={Journal of Applied Statistics},
  volume={27},
  number={7},
  pages={821--827},
  year={2000},
  note={Taylor \& Francis}
}
@article{gretl,
  title = {Gretl User’s Guide - Gnu Regression, Econometrics and Time-series Library},
  author = {{The Gretl Team}},
  year = {2016},
  journal = {Sourceforge},
  note = {\url{http://gretl.sourceforge.net/gretl-help/gretl-guide.pdf}}
}
@article{doornik1997pcgive,
  title={PcGive 14.0 for Windows and PcFiml 14.0 for Windows: Modelling Dynamic Systems Using PcFiml 14.0 for Windows},
  author={Doornik, Jurgen A and Hendry, David F},
  year={2016},
  journal={International Thomson Business Press}
}
@article{baillie1989common,
  title={Common stochastic trends in a system of exchange rates},
  author={Baillie, Richard T and Bollerslev, Tim},
  journal={the Journal of Finance},
  volume={44},
  number={1},
  pages={167--181},
  year={1989},
  note={Wiley Online Library}
}
@article{enders1994theory,
  title={Theory and Tests of Generalized Purchasing-Power Parity: Common Trends and Real Exchange Rates In the Pacific Rim},
  author={Enders, Walter and Hum, Stan},
  journal={Review of International Economics},
  volume={2},
  number={2},
  pages={179--190},
  year={1994},
  note={Wiley Online Library}
}
@article{crowder1994foreign,
  title={Foreign exchange market efficiency and common stochastic trends},
  author={Crowder, William J},
  journal={Journal of International Money and Finance},
  volume={13},
  number={5},
  pages={551--564},
  year={1994},
  note={Elsevier}
}
@article{mizuno2006modeling,
  title={Modeling a foreign exchange rate using moving average of Yen-Dollar market data},
  author={Mizuno, Takayuki and Takayasu, Misako and Takayasu, Hideki},
  journal={Practical Fruits of Econophysics},
  pages={57--61},
  year={2006},
  note={Springer}
}
@article{krolzig2001computer,
  title={Computer automation of general-to-specific model selection procedures},
  author={Krolzig, Hans-Martin and Hendry, David F},
  journal={Journal of Economic Dynamics and Control},
  volume={25},
  number={6},
  pages={831--866},
  year={2001},
  note={Elsevier}
}
@article{engle1982autoregressive,
  title={Autoregressive conditional heteroscedasticity with estimates of the variance of United Kingdom inflation},
  author={Engle, Robert F},
  journal={Econometrica: Journal of the Econometric Society},
  pages={987--1007},
  year={1982},
  note={JSTOR}
}
@article{koenker1982robust,
  title={Robust tests for heteroscedasticity based on regression quantiles},
  author={Koenker, Roger and Bassett Jr, Gilbert},
  journal={Econometrica: Journal of the Econometric Society},
  pages={43--61},
  year={1982},
  note={JSTOR}
}
@article{breusch1979simple,
  title={A simple test for heteroscedasticity and random coefficient variation},
  author={Breusch, Trevor S and Pagan, Adrian R},
  journal={Econometrica: Journal of the Econometric Society},
  pages={1287--1294},
  year={1979},
  note={JSTOR}
}
@article{white1980heteroskedasticity,
  title={A heteroskedasticity-consistent covariance matrix estimator and a direct test for heteroskedasticity},
  author={White, Halbert},
  journal={Econometrica: Journal of the Econometric Society},
  pages={817--838},
  year={1980},
  note={JSTOR}
}
@article{jarque1980efficient,
  title={Efficient tests for normality, homoscedasticity and serial independence of regression residuals},
  author={Jarque, Carlos M and Bera, Anil K},
  journal={Economics letters},
  volume={6},
  number={3},
  pages={255--259},
  year={1980},
  note={Elsevier}
}
@article{ramsey1969tests,
  title={Tests for specification errors in classical linear least-squares regression analysis},
  author={Ramsey, James Bernard},
  journal={Journal of the Royal Statistical Society. Series B (Methodological)},
  pages={350--371},
  year={1969},
  note={JSTOR}
}
@article{saikkonen1988lagrange,
  title={Lagrange multiplier tests for testing non-linearities in time series models},
  author={Saikkonen, Pentti and Luukkonen, Ritva},
  journal={Scandinavian Journal of Statistics},
  pages={55--68},
  year={1988},
  note={JSTOR}
}